<record><leader>00000cas a2200000 a 4500</leader><controlfield tag="001">36073922</controlfield><controlfield tag="008">961212d18uu19uumiuwr ne      0    0eng c</controlfield><datafield ind1=" " ind2=" " tag="010"><subfield code="a">sn 96077354 </subfield></datafield><datafield ind1=" " ind2=" " tag="040"><subfield code="a">MHN</subfield><subfield code="b">eng</subfield><subfield code="c">MHN</subfield><subfield code="d">OCL</subfield><subfield code="d">OCLCQ</subfield><subfield code="d">OCLCF</subfield><subfield code="d">OCLCO</subfield></datafield><datafield ind1="1" ind2=" " tag="029"><subfield code="a">AU@</subfield><subfield code="b">000012971776</subfield></datafield><datafield ind1=" " ind2=" " tag="042"><subfield code="a">pcc</subfield></datafield><datafield ind1=" " ind2=" " tag="043"><subfield code="a">n-us-mi</subfield></datafield><datafield ind1="0" ind2="4" tag="245"><subfield code="a">The North Branch gazette.</subfield></datafield><datafield ind1=" " ind2=" " tag="260"><subfield code="a">North Branch, Lapeer County, Mich. :</subfield><subfield code="b">A.C. &amp; W.F. Galbraith</subfield></datafield><datafield ind1=" " ind2=" " tag="300"><subfield code="a">v.</subfield></datafield><datafield ind1=" " ind2=" " tag="310"><subfield code="a">Weekly</subfield></datafield><datafield ind1=" " ind2=" " tag="500"><subfield code="a">Part of page 1 from Jan. 4, 1889 is missing; title from running title.</subfield></datafield><datafield ind1=" " ind2=" " tag="580"><subfield code="a">Continues: Weekly gazette (North Branch, Mich.)?</subfield></datafield><datafield ind1=" " ind2=" " tag="588"><subfield code="a">Description based on: Jan. 4, 1889.</subfield></datafield><datafield ind1=" " ind2="0" tag="651"><subfield code="a">North Branch (Mich.)</subfield><subfield code="v">Newspapers.</subfield></datafield><datafield ind1=" " ind2="0" tag="651"><subfield code="a">Lapeer County (Mich.)</subfield><subfield code="v">Newspapers.</subfield></datafield><datafield ind1=" " ind2="7" tag="655"><subfield code="a">Newspapers.</subfield><subfield code="2">fast</subfield><subfield code="0">(OCoLC)fst01423814</subfield></datafield><datafield ind1=" " ind2="7" tag="651"><subfield code="a">Michigan</subfield><subfield code="z">Lapeer County.</subfield><subfield code="2">fast</subfield><subfield code="0">(OCoLC)fst01204037</subfield></datafield><datafield ind1=" " ind2="7" tag="651"><subfield code="a">Michigan</subfield><subfield code="z">North Branch.</subfield><subfield code="2">fast</subfield><subfield code="0">(OCoLC)fst01233468</subfield></datafield><datafield ind1=" " ind2=" " tag="752"><subfield code="a">United States</subfield><subfield code="b">Michigan</subfield><subfield code="c">Lapeer</subfield><subfield code="d">North Branch.</subfield></datafield><datafield ind1="1" ind2="0" tag="780"><subfield code="t">Weekly gazette (North Branch, Mich.)</subfield><subfield code="w">(DLC)sn 96077353</subfield><subfield code="w">(OCoLC)36073968</subfield></datafield></record>